<record><leader>00000cas a22000007a 4500</leader><controlfield tag="001">11492494</controlfield><controlfield tag="008">841214c18879999txuwr ne      0   a0eng d</controlfield><datafield ind1=" " ind2=" " tag="010"><subfield code="a">sn 84006699 </subfield></datafield><datafield ind1=" " ind2=" " tag="040"><subfield code="a">NSD</subfield><subfield code="b">eng</subfield><subfield code="c">NSD</subfield><subfield code="d">PPM</subfield><subfield code="d">NVM</subfield><subfield code="d">OCLCQ</subfield><subfield code="d">TXHLC</subfield><subfield code="d">OCLCQ</subfield><subfield code="d">OCLCF</subfield><subfield code="d">OCLCO</subfield></datafield><datafield ind1=" " ind2=" " tag="012"><subfield code="m">1</subfield></datafield><datafield ind1="1" ind2=" " tag="022"><subfield code="a">8756-2464</subfield><subfield code="l">8756-2464</subfield><subfield code="2">1</subfield></datafield><datafield ind1=" " ind2=" " tag="032"><subfield code="a">419640</subfield><subfield code="b">USPS</subfield></datafield><datafield ind1=" " ind2=" " tag="037"><subfield code="b">Panhandle Herald, 319 Main St., Panhandle, TX 79068</subfield></datafield><datafield ind1=" " ind2=" " tag="042"><subfield code="a">nsdp</subfield><subfield code="a">msc</subfield></datafield><datafield ind1=" " ind2=" " tag="043"><subfield code="a">n-us-nm</subfield></datafield><datafield ind1=" " ind2="0" tag="222"><subfield code="a">Panhandle herald</subfield></datafield><datafield ind1="0" ind2="4" tag="245"><subfield code="a">The Panhandle herald.</subfield></datafield><datafield ind1=" " ind2=" " tag="260"><subfield code="a">Panhandle, Tex. :</subfield><subfield code="b">J.C. Lowes</subfield></datafield><datafield ind1=" " ind2=" " tag="300"><subfield code="a">v.</subfield></datafield><datafield ind1=" " ind2=" " tag="310"><subfield code="a">Weekly</subfield></datafield><datafield ind1="1" ind2=" " tag="362"><subfield code="a">Began with July 22, 1887 issue.</subfield></datafield><datafield ind1=" " ind2=" " tag="500"><subfield code="a">Publisher: Joseph J. and Jean Miller &lt;1984&gt;</subfield></datafield><datafield ind1=" " ind2=" " tag="588"><subfield code="a">Description based on: Vol. 15, no. 37 (Jan. 3, 1908).</subfield></datafield><datafield ind1=" " ind2="0" tag="651"><subfield code="a">Panhandle (Tex.)</subfield><subfield code="x">History.</subfield></datafield><datafield ind1=" " ind2="0" tag="651"><subfield code="a">Carson County (Tex.)</subfield><subfield code="x">History.</subfield></datafield><datafield ind1=" " ind2="0" tag="650"><subfield code="a">Nineteen thirties.</subfield></datafield><datafield ind1=" " ind2="7" tag="655"><subfield code="a">History.</subfield><subfield code="2">fast</subfield><subfield code="0">(OCoLC)fst01411628</subfield></datafield><datafield ind1=" " ind2="7" tag="650"><subfield code="a">Nineteen thirties.</subfield><subfield code="2">fast</subfield><subfield code="0">(OCoLC)fst01037830</subfield></datafield><datafield ind1=" " ind2="7" tag="651"><subfield code="a">Texas</subfield><subfield code="z">Carson County.</subfield><subfield code="2">fast</subfield><subfield code="0">(OCoLC)fst01213786</subfield></datafield><datafield ind1=" " ind2="7" tag="651"><subfield code="a">Texas</subfield><subfield code="z">Panhandle.</subfield><subfield code="2">fast</subfield><subfield code="0">(OCoLC)fst01205648</subfield></datafield><datafield ind1=" " ind2=" " tag="752"><subfield code="a">United States</subfield><subfield code="b">Texas</subfield><subfield code="c">Carson</subfield><subfield code="d">Panhandle.</subfield></datafield><datafield ind1=" " ind2=" " tag="936"><subfield code="a">Dec. 6, 1984</subfield></datafield></record>